<record><leader>00000cas a22000007a 4500</leader><controlfield tag="001">13724139</controlfield><controlfield tag="008">860612d18701872inuwr ne      0    0eng d</controlfield><datafield ind1=" " ind2=" " tag="010"><subfield code="a">sn 86058590 </subfield></datafield><datafield ind1=" " ind2=" " tag="040"><subfield code="a">NPI</subfield><subfield code="b">eng</subfield><subfield code="c">NPI</subfield><subfield code="d">OCLCQ</subfield></datafield><datafield ind1=" " ind2=" " tag="042"><subfield code="a">msc</subfield></datafield><datafield ind1="0" ind2=" " tag="130"><subfield code="a">Henry County Republican (New Castle, Ind. : 1870)</subfield></datafield><datafield ind1="1" ind2="0" tag="245"><subfield code="a">Henry County Republican.</subfield></datafield><datafield ind1=" " ind2=" " tag="260"><subfield code="a">New Castle, Henry County, Ind. :</subfield><subfield code="b">E. Pleas,</subfield><subfield code="c">1870-1872.</subfield></datafield><datafield ind1=" " ind2=" " tag="300"><subfield code="a">v. :</subfield><subfield code="b">ill. (chiefly advertisements) ;</subfield><subfield code="c">67 cm.</subfield></datafield><datafield ind1=" " ind2=" " tag="310"><subfield code="a">Weekly</subfield></datafield><datafield ind1="0" ind2=" " tag="362"><subfield code="a">Vol. 1, no. 1 (Aug. 4, 1870)-v. 2, no. 49 (July 4, 1872) = Whole no. 101.</subfield></datafield><datafield ind1=" " ind2=" " tag="752"><subfield code="a">United States</subfield><subfield code="b">Indiana</subfield><subfield code="c">Henry</subfield><subfield code="d">New Castle.</subfield></datafield><datafield ind1="0" ind2="7" tag="785"><subfield code="t">New Castle courier (New Castle, Ind. : 1857)</subfield><subfield code="w">(DLC)sn 84037974</subfield></datafield><datafield ind1="0" ind2="7" tag="785"><subfield code="t">New Castle courier and Republican</subfield><subfield code="w">(DLC)sn 86058591</subfield></datafield></record>